%YAML 1.1
%TAG !u! tag:unity3d.com,2011:
--- !u!1 &1430138524059105062
GameObject:
  m_ObjectHideFlags: 0
  m_CorrespondingSourceObject: {fileID: 0}
  m_PrefabInstance: {fileID: 0}
  m_PrefabAsset: {fileID: 0}
  serializedVersion: 6
  m_Component:
  - component: {fileID: 1430138524059105063}
  m_Layer: 0
  m_Name: Jumper (1)
  m_TagString: Untagged
  m_Icon: {fileID: 0}
  m_NavMeshLayer: 0
  m_StaticEditorFlags: 0
  m_IsActive: 1
--- !u!4 &1430138524059105063
Transform:
  m_ObjectHideFlags: 0
  m_CorrespondingSourceObject: {fileID: 0}
  m_PrefabInstance: {fileID: 0}
  m_PrefabAsset: {fileID: 0}
  m_GameObject: {fileID: 1430138524059105062}
  m_LocalRotation: {x: -0, y: -0, z: -0, w: 1}
  m_LocalPosition: {x: 0, y: 0, z: 0}
  m_LocalScale: {x: 1, y: 1, z: 1}
  m_ConstrainProportionsScale: 0
  m_Children:
  - {fileID: 1430138525875408728}
  m_Father: {fileID: 1509152862545160105}
  m_RootOrder: 11
  m_LocalEulerAnglesHint: {x: 0, y: 0, z: 0}
--- !u!1 &1430138525209679234
GameObject:
  m_ObjectHideFlags: 0
  m_CorrespondingSourceObject: {fileID: 0}
  m_PrefabInstance: {fileID: 0}
  m_PrefabAsset: {fileID: 0}
  serializedVersion: 6
  m_Component:
  - component: {fileID: 1430138525209679232}
  m_Layer: 0
  m_Name: Jumper
  m_TagString: Untagged
  m_Icon: {fileID: 0}
  m_NavMeshLayer: 0
  m_StaticEditorFlags: 0
  m_IsActive: 1
--- !u!4 &1430138525209679232
Transform:
  m_ObjectHideFlags: 0
  m_CorrespondingSourceObject: {fileID: 0}
  m_PrefabInstance: {fileID: 0}
  m_PrefabAsset: {fileID: 0}
  m_GameObject: {fileID: 1430138525209679234}
  m_LocalRotation: {x: -0, y: -0, z: -0, w: 1}
  m_LocalPosition: {x: -17, y: 0, z: -4.079}
  m_LocalScale: {x: 1, y: 1, z: 1}
  m_ConstrainProportionsScale: 0
  m_Children:
  - {fileID: 1430138525245180687}
  m_Father: {fileID: 1509152862545160105}
  m_RootOrder: 10
  m_LocalEulerAnglesHint: {x: 0, y: 0, z: 0}
--- !u!1 &1430138525245180683
GameObject:
  m_ObjectHideFlags: 0
  m_CorrespondingSourceObject: {fileID: 0}
  m_PrefabInstance: {fileID: 0}
  m_PrefabAsset: {fileID: 0}
  serializedVersion: 6
  m_Component:
  - component: {fileID: 1430138525245180687}
  - component: {fileID: 1430138525245180686}
  - component: {fileID: 1430138525245180681}
  - component: {fileID: 1430138525245180680}
  - component: {fileID: 1430138525245180684}
  m_Layer: 0
  m_Name: Speeder
  m_TagString: Untagged
  m_Icon: {fileID: 0}
  m_NavMeshLayer: 0
  m_StaticEditorFlags: 0
  m_IsActive: 1
--- !u!4 &1430138525245180687
Transform:
  m_ObjectHideFlags: 0
  m_CorrespondingSourceObject: {fileID: 0}
  m_PrefabInstance: {fileID: 0}
  m_PrefabAsset: {fileID: 0}
  m_GameObject: {fileID: 1430138525245180683}
  m_LocalRotation: {x: -0.14366539, y: 0, z: 0, w: 0.98962635}
  m_LocalPosition: {x: -18, y: 0, z: 2.079}
  m_LocalScale: {x: 2.4843426, y: 0.6401407, z: 1.8360249}
  m_ConstrainProportionsScale: 0
  m_Children: []
  m_Father: {fileID: 1430138525209679232}
  m_RootOrder: 0
  m_LocalEulerAnglesHint: {x: -16.52, y: 0, z: 0}
--- !u!33 &1430138525245180686
MeshFilter:
  m_ObjectHideFlags: 0
  m_CorrespondingSourceObject: {fileID: 0}
  m_PrefabInstance: {fileID: 0}
  m_PrefabAsset: {fileID: 0}
  m_GameObject: {fileID: 1430138525245180683}
  m_Mesh: {fileID: 10202, guid: 0000000000000000e000000000000000, type: 0}
--- !u!23 &1430138525245180681
MeshRenderer:
  m_ObjectHideFlags: 0
  m_CorrespondingSourceObject: {fileID: 0}
  m_PrefabInstance: {fileID: 0}
  m_PrefabAsset: {fileID: 0}
  m_GameObject: {fileID: 1430138525245180683}
  m_Enabled: 1
  m_CastShadows: 1
  m_ReceiveShadows: 1
  m_DynamicOccludee: 1
  m_StaticShadowCaster: 0
  m_MotionVectors: 1
  m_LightProbeUsage: 1
  m_ReflectionProbeUsage: 1
  m_RayTracingMode: 2
  m_RayTraceProcedural: 0
  m_RenderingLayerMask: 1
  m_RendererPriority: 0
  m_Materials:
  - {fileID: 2100000, guid: 059d61c43807e214d9978f3db2ed8762, type: 2}
  m_StaticBatchInfo:
    firstSubMesh: 0
    subMeshCount: 0
  m_StaticBatchRoot: {fileID: 0}
  m_ProbeAnchor: {fileID: 0}
  m_LightProbeVolumeOverride: {fileID: 0}
  m_ScaleInLightmap: 1
  m_ReceiveGI: 1
  m_PreserveUVs: 0
  m_IgnoreNormalsForChartDetection: 0
  m_ImportantGI: 0
  m_StitchLightmapSeams: 1
  m_SelectedEditorRenderState: 3
  m_MinimumChartSize: 4
  m_AutoUVMaxDistance: 0.5
  m_AutoUVMaxAngle: 89
  m_LightmapParameters: {fileID: 0}
  m_SortingLayerID: 0
  m_SortingLayer: 0
  m_SortingOrder: 0
  m_AdditionalVertexStreams: {fileID: 0}
--- !u!65 &1430138525245180680
BoxCollider:
  m_ObjectHideFlags: 0
  m_CorrespondingSourceObject: {fileID: 0}
  m_PrefabInstance: {fileID: 0}
  m_PrefabAsset: {fileID: 0}
  m_GameObject: {fileID: 1430138525245180683}
  m_Material: {fileID: 0}
  m_IsTrigger: 0
  m_Enabled: 1
  serializedVersion: 2
  m_Size: {x: 1, y: 1, z: 1}
  m_Center: {x: 0, y: 0, z: 0}
--- !u!114 &1430138525245180684
MonoBehaviour:
  m_ObjectHideFlags: 0
  m_CorrespondingSourceObject: {fileID: 0}
  m_PrefabInstance: {fileID: 0}
  m_PrefabAsset: {fileID: 0}
  m_GameObject: {fileID: 1430138525245180683}
  m_Enabled: 1
  m_EditorHideFlags: 0
  m_Script: {fileID: 11500000, guid: 90befa4673f95014fbc452b472496982, type: 3}
  m_Name: 
  m_EditorClassIdentifier: 
  force: 25
--- !u!1 &1430138525875408731
GameObject:
  m_ObjectHideFlags: 0
  m_CorrespondingSourceObject: {fileID: 0}
  m_PrefabInstance: {fileID: 0}
  m_PrefabAsset: {fileID: 0}
  serializedVersion: 6
  m_Component:
  - component: {fileID: 1430138525875408728}
  - component: {fileID: 1430138525875408732}
  - component: {fileID: 1430138525875408735}
  - component: {fileID: 1430138525875408734}
  - component: {fileID: 1430138525875408729}
  m_Layer: 0
  m_Name: Speeder
  m_TagString: Untagged
  m_Icon: {fileID: 0}
  m_NavMeshLayer: 0
  m_StaticEditorFlags: 0
  m_IsActive: 1
--- !u!4 &1430138525875408728
Transform:
  m_ObjectHideFlags: 0
  m_CorrespondingSourceObject: {fileID: 0}
  m_PrefabInstance: {fileID: 0}
  m_PrefabAsset: {fileID: 0}
  m_GameObject: {fileID: 1430138525875408731}
  m_LocalRotation: {x: -0.14366539, y: 0, z: 0, w: 0.98962635}
  m_LocalPosition: {x: -18, y: 0, z: 2.079}
  m_LocalScale: {x: 2.4843426, y: 0.6401407, z: 1.8360249}
  m_ConstrainProportionsScale: 0
  m_Children: []
  m_Father: {fileID: 1430138524059105063}
  m_RootOrder: 0
  m_LocalEulerAnglesHint: {x: -16.52, y: 0, z: 0}
--- !u!33 &1430138525875408732
MeshFilter:
  m_ObjectHideFlags: 0
  m_CorrespondingSourceObject: {fileID: 0}
  m_PrefabInstance: {fileID: 0}
  m_PrefabAsset: {fileID: 0}
  m_GameObject: {fileID: 1430138525875408731}
  m_Mesh: {fileID: 10202, guid: 0000000000000000e000000000000000, type: 0}
--- !u!23 &1430138525875408735
MeshRenderer:
  m_ObjectHideFlags: 0
  m_CorrespondingSourceObject: {fileID: 0}
  m_PrefabInstance: {fileID: 0}
  m_PrefabAsset: {fileID: 0}
  m_GameObject: {fileID: 1430138525875408731}
  m_Enabled: 1
  m_CastShadows: 1
  m_ReceiveShadows: 1
  m_DynamicOccludee: 1
  m_StaticShadowCaster: 0
  m_MotionVectors: 1
  m_LightProbeUsage: 1
  m_ReflectionProbeUsage: 1
  m_RayTracingMode: 2
  m_RayTraceProcedural: 0
  m_RenderingLayerMask: 1
  m_RendererPriority: 0
  m_Materials:
  - {fileID: 2100000, guid: eeb977e153c5cc3479ae23d1ab079ffd, type: 2}
  m_StaticBatchInfo:
    firstSubMesh: 0
    subMeshCount: 0
  m_StaticBatchRoot: {fileID: 0}
  m_ProbeAnchor: {fileID: 0}
  m_LightProbeVolumeOverride: {fileID: 0}
  m_ScaleInLightmap: 1
  m_ReceiveGI: 1
  m_PreserveUVs: 0
  m_IgnoreNormalsForChartDetection: 0
  m_ImportantGI: 0
  m_StitchLightmapSeams: 1
  m_SelectedEditorRenderState: 3
  m_MinimumChartSize: 4
  m_AutoUVMaxDistance: 0.5
  m_AutoUVMaxAngle: 89
  m_LightmapParameters: {fileID: 0}
  m_SortingLayerID: 0
  m_SortingLayer: 0
  m_SortingOrder: 0
  m_AdditionalVertexStreams: {fileID: 0}
--- !u!65 &1430138525875408734
BoxCollider:
  m_ObjectHideFlags: 0
  m_CorrespondingSourceObject: {fileID: 0}
  m_PrefabInstance: {fileID: 0}
  m_PrefabAsset: {fileID: 0}
  m_GameObject: {fileID: 1430138525875408731}
  m_Material: {fileID: 0}
  m_IsTrigger: 0
  m_Enabled: 1
  serializedVersion: 2
  m_Size: {x: 1, y: 1, z: 1}
  m_Center: {x: 0, y: 0, z: 0}
--- !u!114 &1430138525875408729
MonoBehaviour:
  m_ObjectHideFlags: 0
  m_CorrespondingSourceObject: {fileID: 0}
  m_PrefabInstance: {fileID: 0}
  m_PrefabAsset: {fileID: 0}
  m_GameObject: {fileID: 1430138525875408731}
  m_Enabled: 1
  m_EditorHideFlags: 0
  m_Script: {fileID: 11500000, guid: 90befa4673f95014fbc452b472496982, type: 3}
  m_Name: 
  m_EditorClassIdentifier: 
  force: 15
--- !u!1 &1825455034370852639
GameObject:
  m_ObjectHideFlags: 0
  m_CorrespondingSourceObject: {fileID: 0}
  m_PrefabInstance: {fileID: 0}
  m_PrefabAsset: {fileID: 0}
  serializedVersion: 6
  m_Component:
  - component: {fileID: 1509152862545160105}
  m_Layer: 0
  m_Name: Level 2
  m_TagString: Untagged
  m_Icon: {fileID: 0}
  m_NavMeshLayer: 0
  m_StaticEditorFlags: 0
  m_IsActive: 1
--- !u!4 &1509152862545160105
Transform:
  m_ObjectHideFlags: 0
  m_CorrespondingSourceObject: {fileID: 0}
  m_PrefabInstance: {fileID: 0}
  m_PrefabAsset: {fileID: 0}
  m_GameObject: {fileID: 1825455034370852639}
  m_LocalRotation: {x: 0, y: 0, z: 0, w: 1}
  m_LocalPosition: {x: 17, y: -0.177, z: 4}
  m_LocalScale: {x: 1, y: 1, z: 1}
  m_ConstrainProportionsScale: 0
  m_Children:
  - {fileID: 3671581703405972930}
  - {fileID: 1110268063106901626}
  - {fileID: 1235096317152281467}
  - {fileID: 1235096316653830706}
  - {fileID: 1110268063111427432}
  - {fileID: 1235096317062069757}
  - {fileID: 1235096317019234388}
  - {fileID: 1235096315905976130}
  - {fileID: 1110268063469840887}
  - {fileID: 2584669687759185783}
  - {fileID: 1430138525209679232}
  - {fileID: 1430138524059105063}
  m_Father: {fileID: 0}
  m_RootOrder: 0
  m_LocalEulerAnglesHint: {x: 0, y: 0, z: 0}
--- !u!1001 &1430138524541576079
PrefabInstance:
  m_ObjectHideFlags: 0
  serializedVersion: 2
  m_Modification:
    m_TransformParent: {fileID: 1509152862545160105}
    m_Modifications:
    - target: {fileID: 214816978235122109, guid: e2a51b32413d4a94386fc97787225f65, type: 3}
      propertyPath: m_RootOrder
      value: 3
      objectReference: {fileID: 0}
    - target: {fileID: 214816978235122109, guid: e2a51b32413d4a94386fc97787225f65, type: 3}
      propertyPath: m_LocalPosition.x
      value: -37
      objectReference: {fileID: 0}
    - target: {fileID: 214816978235122109, guid: e2a51b32413d4a94386fc97787225f65, type: 3}
      propertyPath: m_LocalPosition.y
      value: 0.177
      objectReference: {fileID: 0}
    - target: {fileID: 214816978235122109, guid: e2a51b32413d4a94386fc97787225f65, type: 3}
      propertyPath: m_LocalPosition.z
      value: -44
      objectReference: {fileID: 0}
    - target: {fileID: 214816978235122109, guid: e2a51b32413d4a94386fc97787225f65, type: 3}
      propertyPath: m_LocalRotation.w
      value: 0.7071068
      objectReference: {fileID: 0}
    - target: {fileID: 214816978235122109, guid: e2a51b32413d4a94386fc97787225f65, type: 3}
      propertyPath: m_LocalRotation.x
      value: -0
      objectReference: {fileID: 0}
    - target: {fileID: 214816978235122109, guid: e2a51b32413d4a94386fc97787225f65, type: 3}
      propertyPath: m_LocalRotation.y
      value: 0.7071068
      objectReference: {fileID: 0}
    - target: {fileID: 214816978235122109, guid: e2a51b32413d4a94386fc97787225f65, type: 3}
      propertyPath: m_LocalRotation.z
      value: -0
      objectReference: {fileID: 0}
    - target: {fileID: 214816978235122109, guid: e2a51b32413d4a94386fc97787225f65, type: 3}
      propertyPath: m_LocalEulerAnglesHint.x
      value: 0
      objectReference: {fileID: 0}
    - target: {fileID: 214816978235122109, guid: e2a51b32413d4a94386fc97787225f65, type: 3}
      propertyPath: m_LocalEulerAnglesHint.y
      value: 90
      objectReference: {fileID: 0}
    - target: {fileID: 214816978235122109, guid: e2a51b32413d4a94386fc97787225f65, type: 3}
      propertyPath: m_LocalEulerAnglesHint.z
      value: 0
      objectReference: {fileID: 0}
    - target: {fileID: 4501483142954083518, guid: e2a51b32413d4a94386fc97787225f65, type: 3}
      propertyPath: m_Name
      value: Corner (1)
      objectReference: {fileID: 0}
    m_RemovedComponents: []
  m_SourcePrefab: {fileID: 100100000, guid: e2a51b32413d4a94386fc97787225f65, type: 3}
--- !u!4 &1235096316653830706 stripped
Transform:
  m_CorrespondingSourceObject: {fileID: 214816978235122109, guid: e2a51b32413d4a94386fc97787225f65, type: 3}
  m_PrefabInstance: {fileID: 1430138524541576079}
  m_PrefabAsset: {fileID: 0}
--- !u!1001 &1430138524562891462
PrefabInstance:
  m_ObjectHideFlags: 0
  serializedVersion: 2
  m_Modification:
    m_TransformParent: {fileID: 1509152862545160105}
    m_Modifications:
    - target: {fileID: 214816978235122109, guid: e2a51b32413d4a94386fc97787225f65, type: 3}
      propertyPath: m_RootOrder
      value: 2
      objectReference: {fileID: 0}
    - target: {fileID: 214816978235122109, guid: e2a51b32413d4a94386fc97787225f65, type: 3}
      propertyPath: m_LocalPosition.x
      value: -17
      objectReference: {fileID: 0}
    - target: {fileID: 214816978235122109, guid: e2a51b32413d4a94386fc97787225f65, type: 3}
      propertyPath: m_LocalPosition.y
      value: 0.177
      objectReference: {fileID: 0}
    - target: {fileID: 214816978235122109, guid: e2a51b32413d4a94386fc97787225f65, type: 3}
      propertyPath: m_LocalPosition.z
      value: -44
      objectReference: {fileID: 0}
    - target: {fileID: 214816978235122109, guid: e2a51b32413d4a94386fc97787225f65, type: 3}
      propertyPath: m_LocalRotation.w
      value: 1
      objectReference: {fileID: 0}
    - target: {fileID: 214816978235122109, guid: e2a51b32413d4a94386fc97787225f65, type: 3}
      propertyPath: m_LocalRotation.x
      value: -0
      objectReference: {fileID: 0}
    - target: {fileID: 214816978235122109, guid: e2a51b32413d4a94386fc97787225f65, type: 3}
      propertyPath: m_LocalRotation.y
      value: -0
      objectReference: {fileID: 0}
    - target: {fileID: 214816978235122109, guid: e2a51b32413d4a94386fc97787225f65, type: 3}
      propertyPath: m_LocalRotation.z
      value: -0
      objectReference: {fileID: 0}
    - target: {fileID: 214816978235122109, guid: e2a51b32413d4a94386fc97787225f65, type: 3}
      propertyPath: m_LocalEulerAnglesHint.x
      value: 0
      objectReference: {fileID: 0}
    - target: {fileID: 214816978235122109, guid: e2a51b32413d4a94386fc97787225f65, type: 3}
      propertyPath: m_LocalEulerAnglesHint.y
      value: 0
      objectReference: {fileID: 0}
    - target: {fileID: 214816978235122109, guid: e2a51b32413d4a94386fc97787225f65, type: 3}
      propertyPath: m_LocalEulerAnglesHint.z
      value: 0
      objectReference: {fileID: 0}
    - target: {fileID: 4501483142954083518, guid: e2a51b32413d4a94386fc97787225f65, type: 3}
      propertyPath: m_Name
      value: Corner
      objectReference: {fileID: 0}
    m_RemovedComponents: []
  m_SourcePrefab: {fileID: 100100000, guid: e2a51b32413d4a94386fc97787225f65, type: 3}
--- !u!4 &1235096317152281467 stripped
Transform:
  m_CorrespondingSourceObject: {fileID: 214816978235122109, guid: e2a51b32413d4a94386fc97787225f65, type: 3}
  m_PrefabInstance: {fileID: 1430138524562891462}
  m_PrefabAsset: {fileID: 0}
--- !u!1001 &1430138524669959232
PrefabInstance:
  m_ObjectHideFlags: 0
  serializedVersion: 2
  m_Modification:
    m_TransformParent: {fileID: 1509152862545160105}
    m_Modifications:
    - target: {fileID: 214816978235122109, guid: e2a51b32413d4a94386fc97787225f65, type: 3}
      propertyPath: m_RootOrder
      value: 5
      objectReference: {fileID: 0}
    - target: {fileID: 214816978235122109, guid: e2a51b32413d4a94386fc97787225f65, type: 3}
      propertyPath: m_LocalPosition.x
      value: -37
      objectReference: {fileID: 0}
    - target: {fileID: 214816978235122109, guid: e2a51b32413d4a94386fc97787225f65, type: 3}
      propertyPath: m_LocalPosition.y
      value: 0.177
      objectReference: {fileID: 0}
    - target: {fileID: 214816978235122109, guid: e2a51b32413d4a94386fc97787225f65, type: 3}
      propertyPath: m_LocalPosition.z
      value: -4
      objectReference: {fileID: 0}
    - target: {fileID: 214816978235122109, guid: e2a51b32413d4a94386fc97787225f65, type: 3}
      propertyPath: m_LocalRotation.w
      value: 0.7071068
      objectReference: {fileID: 0}
    - target: {fileID: 214816978235122109, guid: e2a51b32413d4a94386fc97787225f65, type: 3}
      propertyPath: m_LocalRotation.x
      value: -0
      objectReference: {fileID: 0}
    - target: {fileID: 214816978235122109, guid: e2a51b32413d4a94386fc97787225f65, type: 3}
      propertyPath: m_LocalRotation.y
      value: -0.7071068
      objectReference: {fileID: 0}
    - target: {fileID: 214816978235122109, guid: e2a51b32413d4a94386fc97787225f65, type: 3}
      propertyPath: m_LocalRotation.z
      value: -0
      objectReference: {fileID: 0}
    - target: {fileID: 214816978235122109, guid: e2a51b32413d4a94386fc97787225f65, type: 3}
      propertyPath: m_LocalEulerAnglesHint.x
      value: 0
      objectReference: {fileID: 0}
    - target: {fileID: 214816978235122109, guid: e2a51b32413d4a94386fc97787225f65, type: 3}
      propertyPath: m_LocalEulerAnglesHint.y
      value: -90
      objectReference: {fileID: 0}
    - target: {fileID: 214816978235122109, guid: e2a51b32413d4a94386fc97787225f65, type: 3}
      propertyPath: m_LocalEulerAnglesHint.z
      value: 0
      objectReference: {fileID: 0}
    - target: {fileID: 4501483142954083518, guid: e2a51b32413d4a94386fc97787225f65, type: 3}
      propertyPath: m_Name
      value: Corner (2)
      objectReference: {fileID: 0}
    m_RemovedComponents: []
  m_SourcePrefab: {fileID: 100100000, guid: e2a51b32413d4a94386fc97787225f65, type: 3}
--- !u!4 &1235096317062069757 stripped
Transform:
  m_CorrespondingSourceObject: {fileID: 214816978235122109, guid: e2a51b32413d4a94386fc97787225f65, type: 3}
  m_PrefabInstance: {fileID: 1430138524669959232}
  m_PrefabAsset: {fileID: 0}
--- !u!1001 &1430138524698296809
PrefabInstance:
  m_ObjectHideFlags: 0
  serializedVersion: 2
  m_Modification:
    m_TransformParent: {fileID: 1509152862545160105}
    m_Modifications:
    - target: {fileID: 214816978235122109, guid: e2a51b32413d4a94386fc97787225f65, type: 3}
      propertyPath: m_RootOrder
      value: 6
      objectReference: {fileID: 0}
    - target: {fileID: 214816978235122109, guid: e2a51b32413d4a94386fc97787225f65, type: 3}
      propertyPath: m_LocalPosition.x
      value: -57
      objectReference: {fileID: 0}
    - target: {fileID: 214816978235122109, guid: e2a51b32413d4a94386fc97787225f65, type: 3}
      propertyPath: m_LocalPosition.y
      value: 0.177
      objectReference: {fileID: 0}
    - target: {fileID: 214816978235122109, guid: e2a51b32413d4a94386fc97787225f65, type: 3}
      propertyPath: m_LocalPosition.z
      value: -4
      objectReference: {fileID: 0}
    - target: {fileID: 214816978235122109, guid: e2a51b32413d4a94386fc97787225f65, type: 3}
      propertyPath: m_LocalRotation.w
      value: 0.7071068
      objectReference: {fileID: 0}
    - target: {fileID: 214816978235122109, guid: e2a51b32413d4a94386fc97787225f65, type: 3}
      propertyPath: m_LocalRotation.x
      value: -0
      objectReference: {fileID: 0}
    - target: {fileID: 214816978235122109, guid: e2a51b32413d4a94386fc97787225f65, type: 3}
      propertyPath: m_LocalRotation.y
      value: 0.7071068
      objectReference: {fileID: 0}
    - target: {fileID: 214816978235122109, guid: e2a51b32413d4a94386fc97787225f65, type: 3}
      propertyPath: m_LocalRotation.z
      value: -0
      objectReference: {fileID: 0}
    - target: {fileID: 214816978235122109, guid: e2a51b32413d4a94386fc97787225f65, type: 3}
      propertyPath: m_LocalEulerAnglesHint.x
      value: 0
      objectReference: {fileID: 0}
    - target: {fileID: 214816978235122109, guid: e2a51b32413d4a94386fc97787225f65, type: 3}
      propertyPath: m_LocalEulerAnglesHint.y
      value: 90
      objectReference: {fileID: 0}
    - target: {fileID: 214816978235122109, guid: e2a51b32413d4a94386fc97787225f65, type: 3}
      propertyPath: m_LocalEulerAnglesHint.z
      value: 0
      objectReference: {fileID: 0}
    - target: {fileID: 4501483142954083518, guid: e2a51b32413d4a94386fc97787225f65, type: 3}
      propertyPath: m_Name
      value: Corner (3)
      objectReference: {fileID: 0}
    m_RemovedComponents: []
  m_SourcePrefab: {fileID: 100100000, guid: e2a51b32413d4a94386fc97787225f65, type: 3}
--- !u!4 &1235096317019234388 stripped
Transform:
  m_CorrespondingSourceObject: {fileID: 214816978235122109, guid: e2a51b32413d4a94386fc97787225f65, type: 3}
  m_PrefabInstance: {fileID: 1430138524698296809}
  m_PrefabAsset: {fileID: 0}
--- !u!1001 &1430138524989271684
PrefabInstance:
  m_ObjectHideFlags: 0
  serializedVersion: 2
  m_Modification:
    m_TransformParent: {fileID: 1509152862545160105}
    m_Modifications:
    - target: {fileID: 883663295781977053, guid: 6376c80e729af374482fc4dde3c91b9c, type: 3}
      propertyPath: m_Name
      value: Goal
      objectReference: {fileID: 0}
    - target: {fileID: 1959894202701340073, guid: 6376c80e729af374482fc4dde3c91b9c, type: 3}
      propertyPath: m_Mesh
      value: 
      objectReference: {fileID: 0}
    - target: {fileID: 1959894202701340073, guid: 6376c80e729af374482fc4dde3c91b9c, type: 3}
      propertyPath: m_VersionIndex
      value: 1019
      objectReference: {fileID: 0}
    - target: {fileID: 3460532572559051251, guid: 6376c80e729af374482fc4dde3c91b9c, type: 3}
      propertyPath: m_RootOrder
      value: 9
      objectReference: {fileID: 0}
    - target: {fileID: 3460532572559051251, guid: 6376c80e729af374482fc4dde3c91b9c, type: 3}
      propertyPath: m_LocalPosition.x
      value: -17
      objectReference: {fileID: 0}
    - target: {fileID: 3460532572559051251, guid: 6376c80e729af374482fc4dde3c91b9c, type: 3}
      propertyPath: m_LocalPosition.y
      value: 0.177
      objectReference: {fileID: 0}
    - target: {fileID: 3460532572559051251, guid: 6376c80e729af374482fc4dde3c91b9c, type: 3}
      propertyPath: m_LocalPosition.z
      value: 16
      objectReference: {fileID: 0}
    - target: {fileID: 3460532572559051251, guid: 6376c80e729af374482fc4dde3c91b9c, type: 3}
      propertyPath: m_LocalRotation.w
      value: 0.7071068
      objectReference: {fileID: 0}
    - target: {fileID: 3460532572559051251, guid: 6376c80e729af374482fc4dde3c91b9c, type: 3}
      propertyPath: m_LocalRotation.x
      value: -0
      objectReference: {fileID: 0}
    - target: {fileID: 3460532572559051251, guid: 6376c80e729af374482fc4dde3c91b9c, type: 3}
      propertyPath: m_LocalRotation.y
      value: 0.7071068
      objectReference: {fileID: 0}
    - target: {fileID: 3460532572559051251, guid: 6376c80e729af374482fc4dde3c91b9c, type: 3}
      propertyPath: m_LocalRotation.z
      value: -0
      objectReference: {fileID: 0}
    - target: {fileID: 3460532572559051251, guid: 6376c80e729af374482fc4dde3c91b9c, type: 3}
      propertyPath: m_LocalEulerAnglesHint.x
      value: 0
      objectReference: {fileID: 0}
    - target: {fileID: 3460532572559051251, guid: 6376c80e729af374482fc4dde3c91b9c, type: 3}
      propertyPath: m_LocalEulerAnglesHint.y
      value: 90
      objectReference: {fileID: 0}
    - target: {fileID: 3460532572559051251, guid: 6376c80e729af374482fc4dde3c91b9c, type: 3}
      propertyPath: m_LocalEulerAnglesHint.z
      value: 0
      objectReference: {fileID: 0}
    - target: {fileID: 3598770811865862807, guid: 6376c80e729af374482fc4dde3c91b9c, type: 3}
      propertyPath: m_Mesh
      value: 
      objectReference: {fileID: 0}
    - target: {fileID: 3995300889209239309, guid: 6376c80e729af374482fc4dde3c91b9c, type: 3}
      propertyPath: m_Material
      value: 
      objectReference: {fileID: 13400000, guid: 61cfa623090ea484aa67befb69e97c21, type: 2}
    - target: {fileID: 4310368212670582744, guid: 6376c80e729af374482fc4dde3c91b9c, type: 3}
      propertyPath: OnBallGoalEnter.m_PersistentCalls.m_Calls.Array.size
      value: 1
      objectReference: {fileID: 0}
    - target: {fileID: 4310368212670582744, guid: 6376c80e729af374482fc4dde3c91b9c, type: 3}
      propertyPath: OnBallGoalEnter.m_PersistentCalls.m_Calls.Array.data[0].m_Mode
      value: 1
      objectReference: {fileID: 0}
    - target: {fileID: 4310368212670582744, guid: 6376c80e729af374482fc4dde3c91b9c, type: 3}
      propertyPath: OnBallGoalEnter.m_PersistentCalls.m_Calls.Array.data[0].m_Target
      value: 
      objectReference: {fileID: 0}
    - target: {fileID: 4310368212670582744, guid: 6376c80e729af374482fc4dde3c91b9c, type: 3}
      propertyPath: OnBallGoalEnter.m_PersistentCalls.m_Calls.Array.data[0].m_CallState
      value: 2
      objectReference: {fileID: 0}
    - target: {fileID: 4310368212670582744, guid: 6376c80e729af374482fc4dde3c91b9c, type: 3}
      propertyPath: OnBallGoalEnter.m_PersistentCalls.m_Calls.Array.data[0].m_MethodName
      value: OnBallGoalEnter
      objectReference: {fileID: 0}
    - target: {fileID: 4310368212670582744, guid: 6376c80e729af374482fc4dde3c91b9c, type: 3}
      propertyPath: OnBallGoalEnter.m_PersistentCalls.m_Calls.Array.data[0].m_TargetAssemblyTypeName
      value: PlayManager, Assembly-CSharp
      objectReference: {fileID: 0}
    - target: {fileID: 4310368212670582744, guid: 6376c80e729af374482fc4dde3c91b9c, type: 3}
      propertyPath: OnBallGoalEnter.m_PersistentCalls.m_Calls.Array.data[0].m_Arguments.m_ObjectArgumentAssemblyTypeName
      value: UnityEngine.Object, UnityEngine
      objectReference: {fileID: 0}
    - target: {fileID: 4685249144915490266, guid: 6376c80e729af374482fc4dde3c91b9c, type: 3}
      propertyPath: m_Mesh
      value: 
      objectReference: {fileID: 0}
    m_RemovedComponents: []
  m_SourcePrefab: {fileID: 100100000, guid: 6376c80e729af374482fc4dde3c91b9c, type: 3}
--- !u!4 &2584669687759185783 stripped
Transform:
  m_CorrespondingSourceObject: {fileID: 3460532572559051251, guid: 6376c80e729af374482fc4dde3c91b9c, type: 3}
  m_PrefabInstance: {fileID: 1430138524989271684}
  m_PrefabAsset: {fileID: 0}
--- !u!1001 &1430138525233847166
PrefabInstance:
  m_ObjectHideFlags: 0
  serializedVersion: 2
  m_Modification:
    m_TransformParent: {fileID: 1509152862545160105}
    m_Modifications:
    - target: {fileID: 2390509194382685884, guid: ba5373c296af9a14fba101c0dbbab007, type: 3}
      propertyPath: m_RootOrder
      value: 0
      objectReference: {fileID: 0}
    - target: {fileID: 2390509194382685884, guid: ba5373c296af9a14fba101c0dbbab007, type: 3}
      propertyPath: m_LocalPosition.x
      value: -17
      objectReference: {fileID: 0}
    - target: {fileID: 2390509194382685884, guid: ba5373c296af9a14fba101c0dbbab007, type: 3}
      propertyPath: m_LocalPosition.y
      value: 0.177
      objectReference: {fileID: 0}
    - target: {fileID: 2390509194382685884, guid: ba5373c296af9a14fba101c0dbbab007, type: 3}
      propertyPath: m_LocalPosition.z
      value: -4
      objectReference: {fileID: 0}
    - target: {fileID: 2390509194382685884, guid: ba5373c296af9a14fba101c0dbbab007, type: 3}
      propertyPath: m_LocalRotation.w
      value: 1
      objectReference: {fileID: 0}
    - target: {fileID: 2390509194382685884, guid: ba5373c296af9a14fba101c0dbbab007, type: 3}
      propertyPath: m_LocalRotation.x
      value: -0
      objectReference: {fileID: 0}
    - target: {fileID: 2390509194382685884, guid: ba5373c296af9a14fba101c0dbbab007, type: 3}
      propertyPath: m_LocalRotation.y
      value: -0
      objectReference: {fileID: 0}
    - target: {fileID: 2390509194382685884, guid: ba5373c296af9a14fba101c0dbbab007, type: 3}
      propertyPath: m_LocalRotation.z
      value: -0
      objectReference: {fileID: 0}
    - target: {fileID: 2390509194382685884, guid: ba5373c296af9a14fba101c0dbbab007, type: 3}
      propertyPath: m_LocalEulerAnglesHint.x
      value: 0
      objectReference: {fileID: 0}
    - target: {fileID: 2390509194382685884, guid: ba5373c296af9a14fba101c0dbbab007, type: 3}
      propertyPath: m_LocalEulerAnglesHint.y
      value: 0
      objectReference: {fileID: 0}
    - target: {fileID: 2390509194382685884, guid: ba5373c296af9a14fba101c0dbbab007, type: 3}
      propertyPath: m_LocalEulerAnglesHint.z
      value: 0
      objectReference: {fileID: 0}
    - target: {fileID: 7963842164348257887, guid: ba5373c296af9a14fba101c0dbbab007, type: 3}
      propertyPath: m_Name
      value: EndPoint
      objectReference: {fileID: 0}
    m_RemovedComponents: []
  m_SourcePrefab: {fileID: 100100000, guid: ba5373c296af9a14fba101c0dbbab007, type: 3}
--- !u!4 &3671581703405972930 stripped
Transform:
  m_CorrespondingSourceObject: {fileID: 2390509194382685884, guid: ba5373c296af9a14fba101c0dbbab007, type: 3}
  m_PrefabInstance: {fileID: 1430138525233847166}
  m_PrefabAsset: {fileID: 0}
--- !u!1001 &1430138525577845750
PrefabInstance:
  m_ObjectHideFlags: 0
  serializedVersion: 2
  m_Modification:
    m_TransformParent: {fileID: 1509152862545160105}
    m_Modifications:
    - target: {fileID: 1393694920533457790, guid: 11d3fcc06830c9948bd9000eac0f39ed, type: 3}
      propertyPath: m_Name
      value: Straight (2)
      objectReference: {fileID: 0}
    - target: {fileID: 2067338607797973505, guid: 11d3fcc06830c9948bd9000eac0f39ed, type: 3}
      propertyPath: m_RootOrder
      value: 8
      objectReference: {fileID: 0}
    - target: {fileID: 2067338607797973505, guid: 11d3fcc06830c9948bd9000eac0f39ed, type: 3}
      propertyPath: m_LocalPosition.x
      value: -37
      objectReference: {fileID: 0}
    - target: {fileID: 2067338607797973505, guid: 11d3fcc06830c9948bd9000eac0f39ed, type: 3}
      propertyPath: m_LocalPosition.y
      value: 0.177
      objectReference: {fileID: 0}
    - target: {fileID: 2067338607797973505, guid: 11d3fcc06830c9948bd9000eac0f39ed, type: 3}
      propertyPath: m_LocalPosition.z
      value: 16
      objectReference: {fileID: 0}
    - target: {fileID: 2067338607797973505, guid: 11d3fcc06830c9948bd9000eac0f39ed, type: 3}
      propertyPath: m_LocalRotation.w
      value: 0.7071068
      objectReference: {fileID: 0}
    - target: {fileID: 2067338607797973505, guid: 11d3fcc06830c9948bd9000eac0f39ed, type: 3}
      propertyPath: m_LocalRotation.x
      value: -0
      objectReference: {fileID: 0}
    - target: {fileID: 2067338607797973505, guid: 11d3fcc06830c9948bd9000eac0f39ed, type: 3}
      propertyPath: m_LocalRotation.y
      value: 0.7071068
      objectReference: {fileID: 0}
    - target: {fileID: 2067338607797973505, guid: 11d3fcc06830c9948bd9000eac0f39ed, type: 3}
      propertyPath: m_LocalRotation.z
      value: -0
      objectReference: {fileID: 0}
    - target: {fileID: 2067338607797973505, guid: 11d3fcc06830c9948bd9000eac0f39ed, type: 3}
      propertyPath: m_LocalEulerAnglesHint.x
      value: 0
      objectReference: {fileID: 0}
    - target: {fileID: 2067338607797973505, guid: 11d3fcc06830c9948bd9000eac0f39ed, type: 3}
      propertyPath: m_LocalEulerAnglesHint.y
      value: 90
      objectReference: {fileID: 0}
    - target: {fileID: 2067338607797973505, guid: 11d3fcc06830c9948bd9000eac0f39ed, type: 3}
      propertyPath: m_LocalEulerAnglesHint.z
      value: 0
      objectReference: {fileID: 0}
    m_RemovedComponents: []
  m_SourcePrefab: {fileID: 100100000, guid: 11d3fcc06830c9948bd9000eac0f39ed, type: 3}
--- !u!4 &1110268063469840887 stripped
Transform:
  m_CorrespondingSourceObject: {fileID: 2067338607797973505, guid: 11d3fcc06830c9948bd9000eac0f39ed, type: 3}
  m_PrefabInstance: {fileID: 1430138525577845750}
  m_PrefabAsset: {fileID: 0}
--- !u!1001 &1430138525747844219
PrefabInstance:
  m_ObjectHideFlags: 0
  serializedVersion: 2
  m_Modification:
    m_TransformParent: {fileID: 1509152862545160105}
    m_Modifications:
    - target: {fileID: 1393694920533457790, guid: 11d3fcc06830c9948bd9000eac0f39ed, type: 3}
      propertyPath: m_Name
      value: Straight
      objectReference: {fileID: 0}
    - target: {fileID: 2067338607797973505, guid: 11d3fcc06830c9948bd9000eac0f39ed, type: 3}
      propertyPath: m_RootOrder
      value: 1
      objectReference: {fileID: 0}
    - target: {fileID: 2067338607797973505, guid: 11d3fcc06830c9948bd9000eac0f39ed, type: 3}
      propertyPath: m_LocalPosition.x
      value: -17
      objectReference: {fileID: 0}
    - target: {fileID: 2067338607797973505, guid: 11d3fcc06830c9948bd9000eac0f39ed, type: 3}
      propertyPath: m_LocalPosition.y
      value: 0.177
      objectReference: {fileID: 0}
    - target: {fileID: 2067338607797973505, guid: 11d3fcc06830c9948bd9000eac0f39ed, type: 3}
      propertyPath: m_LocalPosition.z
      value: -24
      objectReference: {fileID: 0}
    - target: {fileID: 2067338607797973505, guid: 11d3fcc06830c9948bd9000eac0f39ed, type: 3}
      propertyPath: m_LocalRotation.w
      value: 1
      objectReference: {fileID: 0}
    - target: {fileID: 2067338607797973505, guid: 11d3fcc06830c9948bd9000eac0f39ed, type: 3}
      propertyPath: m_LocalRotation.x
      value: -0
      objectReference: {fileID: 0}
    - target: {fileID: 2067338607797973505, guid: 11d3fcc06830c9948bd9000eac0f39ed, type: 3}
      propertyPath: m_LocalRotation.y
      value: -0
      objectReference: {fileID: 0}
    - target: {fileID: 2067338607797973505, guid: 11d3fcc06830c9948bd9000eac0f39ed, type: 3}
      propertyPath: m_LocalRotation.z
      value: -0
      objectReference: {fileID: 0}
    - target: {fileID: 2067338607797973505, guid: 11d3fcc06830c9948bd9000eac0f39ed, type: 3}
      propertyPath: m_LocalEulerAnglesHint.x
      value: 0
      objectReference: {fileID: 0}
    - target: {fileID: 2067338607797973505, guid: 11d3fcc06830c9948bd9000eac0f39ed, type: 3}
      propertyPath: m_LocalEulerAnglesHint.y
      value: 0
      objectReference: {fileID: 0}
    - target: {fileID: 2067338607797973505, guid: 11d3fcc06830c9948bd9000eac0f39ed, type: 3}
      propertyPath: m_LocalEulerAnglesHint.z
      value: 0
      objectReference: {fileID: 0}
    m_RemovedComponents: []
  m_SourcePrefab: {fileID: 100100000, guid: 11d3fcc06830c9948bd9000eac0f39ed, type: 3}
--- !u!4 &1110268063106901626 stripped
Transform:
  m_CorrespondingSourceObject: {fileID: 2067338607797973505, guid: 11d3fcc06830c9948bd9000eac0f39ed, type: 3}
  m_PrefabInstance: {fileID: 1430138525747844219}
  m_PrefabAsset: {fileID: 0}
--- !u!1001 &1430138525751707497
PrefabInstance:
  m_ObjectHideFlags: 0
  serializedVersion: 2
  m_Modification:
    m_TransformParent: {fileID: 1509152862545160105}
    m_Modifications:
    - target: {fileID: 1393694920533457790, guid: 11d3fcc06830c9948bd9000eac0f39ed, type: 3}
      propertyPath: m_Name
      value: Straight (1)
      objectReference: {fileID: 0}
    - target: {fileID: 2067338607797973505, guid: 11d3fcc06830c9948bd9000eac0f39ed, type: 3}
      propertyPath: m_RootOrder
      value: 4
      objectReference: {fileID: 0}
    - target: {fileID: 2067338607797973505, guid: 11d3fcc06830c9948bd9000eac0f39ed, type: 3}
      propertyPath: m_LocalPosition.x
      value: -37
      objectReference: {fileID: 0}
    - target: {fileID: 2067338607797973505, guid: 11d3fcc06830c9948bd9000eac0f39ed, type: 3}
      propertyPath: m_LocalPosition.y
      value: 0.177
      objectReference: {fileID: 0}
    - target: {fileID: 2067338607797973505, guid: 11d3fcc06830c9948bd9000eac0f39ed, type: 3}
      propertyPath: m_LocalPosition.z
      value: -24
      objectReference: {fileID: 0}
    - target: {fileID: 2067338607797973505, guid: 11d3fcc06830c9948bd9000eac0f39ed, type: 3}
      propertyPath: m_LocalRotation.w
      value: 1
      objectReference: {fileID: 0}
    - target: {fileID: 2067338607797973505, guid: 11d3fcc06830c9948bd9000eac0f39ed, type: 3}
      propertyPath: m_LocalRotation.x
      value: -0
      objectReference: {fileID: 0}
    - target: {fileID: 2067338607797973505, guid: 11d3fcc06830c9948bd9000eac0f39ed, type: 3}
      propertyPath: m_LocalRotation.y
      value: -0
      objectReference: {fileID: 0}
    - target: {fileID: 2067338607797973505, guid: 11d3fcc06830c9948bd9000eac0f39ed, type: 3}
      propertyPath: m_LocalRotation.z
      value: -0
      objectReference: {fileID: 0}
    - target: {fileID: 2067338607797973505, guid: 11d3fcc06830c9948bd9000eac0f39ed, type: 3}
      propertyPath: m_LocalEulerAnglesHint.x
      value: 0
      objectReference: {fileID: 0}
    - target: {fileID: 2067338607797973505, guid: 11d3fcc06830c9948bd9000eac0f39ed, type: 3}
      propertyPath: m_LocalEulerAnglesHint.y
      value: 0
      objectReference: {fileID: 0}
    - target: {fileID: 2067338607797973505, guid: 11d3fcc06830c9948bd9000eac0f39ed, type: 3}
      propertyPath: m_LocalEulerAnglesHint.z
      value: 0
      objectReference: {fileID: 0}
    m_RemovedComponents: []
  m_SourcePrefab: {fileID: 100100000, guid: 11d3fcc06830c9948bd9000eac0f39ed, type: 3}
--- !u!4 &1110268063111427432 stripped
Transform:
  m_CorrespondingSourceObject: {fileID: 2067338607797973505, guid: 11d3fcc06830c9948bd9000eac0f39ed, type: 3}
  m_PrefabInstance: {fileID: 1430138525751707497}
  m_PrefabAsset: {fileID: 0}
--- !u!1001 &1430138525828073215
PrefabInstance:
  m_ObjectHideFlags: 0
  serializedVersion: 2
  m_Modification:
    m_TransformParent: {fileID: 1509152862545160105}
    m_Modifications:
    - target: {fileID: 214816978235122109, guid: e2a51b32413d4a94386fc97787225f65, type: 3}
      propertyPath: m_RootOrder
      value: 7
      objectReference: {fileID: 0}
    - target: {fileID: 214816978235122109, guid: e2a51b32413d4a94386fc97787225f65, type: 3}
      propertyPath: m_LocalPosition.x
      value: -57
      objectReference: {fileID: 0}
    - target: {fileID: 214816978235122109, guid: e2a51b32413d4a94386fc97787225f65, type: 3}
      propertyPath: m_LocalPosition.y
      value: 0.177
      objectReference: {fileID: 0}
    - target: {fileID: 214816978235122109, guid: e2a51b32413d4a94386fc97787225f65, type: 3}
      propertyPath: m_LocalPosition.z
      value: 16
      objectReference: {fileID: 0}
    - target: {fileID: 214816978235122109, guid: e2a51b32413d4a94386fc97787225f65, type: 3}
      propertyPath: m_LocalRotation.w
      value: 0
      objectReference: {fileID: 0}
    - target: {fileID: 214816978235122109, guid: e2a51b32413d4a94386fc97787225f65, type: 3}
      propertyPath: m_LocalRotation.x
      value: -0
      objectReference: {fileID: 0}
    - target: {fileID: 214816978235122109, guid: e2a51b32413d4a94386fc97787225f65, type: 3}
      propertyPath: m_LocalRotation.y
      value: -1
      objectReference: {fileID: 0}
    - target: {fileID: 214816978235122109, guid: e2a51b32413d4a94386fc97787225f65, type: 3}
      propertyPath: m_LocalRotation.z
      value: -0
      objectReference: {fileID: 0}
    - target: {fileID: 214816978235122109, guid: e2a51b32413d4a94386fc97787225f65, type: 3}
      propertyPath: m_LocalEulerAnglesHint.x
      value: 0
      objectReference: {fileID: 0}
    - target: {fileID: 214816978235122109, guid: e2a51b32413d4a94386fc97787225f65, type: 3}
      propertyPath: m_LocalEulerAnglesHint.y
      value: -180
      objectReference: {fileID: 0}
    - target: {fileID: 214816978235122109, guid: e2a51b32413d4a94386fc97787225f65, type: 3}
      propertyPath: m_LocalEulerAnglesHint.z
      value: 0
      objectReference: {fileID: 0}
    - target: {fileID: 4501483142954083518, guid: e2a51b32413d4a94386fc97787225f65, type: 3}
      propertyPath: m_Name
      value: Corner (4)
      objectReference: {fileID: 0}
    m_RemovedComponents: []
  m_SourcePrefab: {fileID: 100100000, guid: e2a51b32413d4a94386fc97787225f65, type: 3}
--- !u!4 &1235096315905976130 stripped
Transform:
  m_CorrespondingSourceObject: {fileID: 214816978235122109, guid: e2a51b32413d4a94386fc97787225f65, type: 3}
  m_PrefabInstance: {fileID: 1430138525828073215}
  m_PrefabAsset: {fileID: 0}
